%! Author = jacks
%! Date = 5/19/2025

