@misc{numpyDocs,
  title        = {NumPy Documentation},
  howpublished = {\url{https://numpy.org/doc}},
  note         = {Documentação oficial da biblioteca NumPy},
  year         = {2024}
}

@misc{scipyDocs,
  title        = {SciPy Documentation},
  howpublished = {\url{https://docs.scipy.org/doc/scipy/}},
  note         = {Documentação oficial da biblioteca SciPy},
  year         = {2024}
}

@misc{matplotlibDocs,
  title        = {Matplotlib Documentation},
  howpublished = {\url{https://matplotlib.org/stable/contents.html}},
  note         = {Documentação oficial da biblioteca Matplotlib},
  year         = {2024}
}

@misc{pandasDocs,
  title        = {pandas Documentation},
  howpublished = {\url{https://pandas.pydata.org/docs/}},
  note         = {Documentação oficial da biblioteca pandas},
  year         = {2024}
}

@misc{pythonTutorial,
  title        = {The Python Tutorial},
  howpublished = {\url{https://docs.python.org/3/tutorial/}},
  note         = {Documentação oficial do Python},
  year         = {2024}
}

@misc{pythonReference,
  title        = {Python Language Reference},
  howpublished = {\url{https://docs.python.org/3/reference/}},
  note         = {Referência da linguagem Python},
  year         = {2024}
}

@book{sweigart2019automate,
  author    = {Al Sweigart},
  title     = {Automate the Boring Stuff with Python},
  publisher = {No Starch Press},
  year      = {2019},
  edition   = {2nd}
}

@book{matthes2019crash,
  author    = {Eric Matthes},
  title     = {Python Crash Course},
  publisher = {No Starch Press},
  year      = {2019},
  edition   = {2nd}
}

@book{lutz2013learning,
  author    = {Mark Lutz},
  title     = {Learning Python},
  publisher = {O'Reilly Media},
  year      = {2013},
  edition   = {5th}
}

@misc{pycharmGuide,
  title        = {PyCharm Guide},
  author       = {{JetBrains}},
  howpublished = {\url{https://www.jetbrains.com/pycharm/guide/}},
  note         = {Documentação oficial do PyCharm},
  year         = {2024}
}

@misc{vscodePython,
  title        = {Python in Visual Studio Code},
  howpublished = {\url{https://code.visualstudio.com/docs/python/python-tutorial}},
  note         = {Documentação da extensão Python para VS Code},
  year         = {2024}
}